@article{de2014automatic,
  title={An automatic and modular stereo pipeline for pushbroom images},
  author={De Franchis, Carlo and Meinhardt-Llopis, Enric and Michel, Julien and Morel, Jean-Michel and Facciolo, Gabriele},
  journal={ISPRS Annals of the Photogrammetry, Remote Sensing and Spatial Information Sciences},
  volume={2},
  number={3},
  pages={49},
  year={2014},
  publisher={Copernicus GmbH}
}

@article{de2014b,
author = {de Franchis, Carlo and Meinhardt-Llopis, Enric and Michel, Julien and Morel, Jean-Michel and Facciolo, Gabriele},
year = {2014},
month = {07},
pages = {},
title = {Automatic sensor orientation refinement of Pl√©iades stereo images},
booktitle = {International Geoscience and Remote Sensing Symposium (IGARSS)}
}
