@article{de2014b,
author = {de Franchis, Carlo and Meinhardt-Llopis, Enric and Michel, Julien and Morel, Jean-Michel and Facciolo, Gabriele},
year = {2014},
month = {07},
pages = {},
title = {Automatic sensor orientation refinement of Pl√©iades stereo images},
booktitle = {International Geoscience and Remote Sensing Symposium (IGARSS)}
}


@article{carlo_2014_pushbroom,
  title={An automatic and modular stereo pipeline for pushbroom images},
  author={De Franchis, Carlo and Meinhardt-Llopis, Enric and Michel, Julien and Morel, Jean-Michel and Facciolo, Gabriele},
  journal={ISPRS Annals of the Photogrammetry, Remote Sensing and Spatial Information Sciences},
  volume={2},
  number={3},
  year={2014},
  pages={49},
  publisher={Copernicus GmbH}

}

@inproceedings{carlo_2014_stereo,
  title={On stereo-rectification of pushbroom images},
  author={de Franchis, Carlo and Meinhardt-Llopis, Enric and Michel, Julien and Morel, J-M and Facciolo, Gabriele},
  booktitle={Image Processing (ICIP), 2014 IEEE International Conference on},
  pages={5447--5451},
  year={2014},
  organization={IEEE}
}

@inproceedings{carlo_2014_automatic,
  title={Automatic sensor orientation refinement of Pl{\'e}iades stereo images},
  author={de Franchis, Carlo and Meinhardt-Llopis, Enric and Michel, Julien and Morel, J-M and Facciolo, Gabriele},
  booktitle={Geoscience and Remote Sensing Symposium (IGARSS), 2014 IEEE International},
  pages={1639--1642},
  year={2014},
  organization={IEEE}
}


@manual{planet_product,
    organization  = "Planet",
    title         = "Planet imagery product specifications",
    year          =  2018,
    month         =  January,
    note		  = https://www.planet.com/products/satellite-imagery/files/Planet_Combined_Imagery_Product_Specs_December2017.pdf
}

@article{ipol_asift,
    title   = {{ASIFT: An Algorithm for Fully Affine Invariant Comparison}},
    author  = {Yu, Guoshen and Morel, Jean-Michel},
    journal = {{Image Processing On Line}},
    volume  = {1},
    pages   = {11--38},
    year    = {2011},
    doi     = {10.5201/ipol.2011.my-asift},
}


@misc{PotreeConverter,
  author = {Markus Schuetz, Gabriele Facciolo},
  title = {Potree Converter},
  year = {2018},
  publisher = {GitHub},
  journal = {GitHub repository},
  howpublished = {\url{https://github.com/gfacciol/PotreeConverter}},
  commit = {4f57d6a0e4c030202a07a60bc1bb1ed1544bf679}
}
